 Bernhard \O}
Testing \O
\O 
Testing \OOO
Testing2 \O10
Testing3 \P
